<?xml version="1.0" encoding="UTF-8"?><collection xmlns="http://www.loc.gov/MARC21/slim"><record><leader>00380nam--2200145-i-4500</leader><controlfield tag="001">000038695</controlfield><controlfield tag="002">20161230</controlfield><controlfield tag="005">20161230201041</controlfield><controlfield tag="008">060222s1000------------r-----000-0-eng-d</controlfield><datafield ind1=" " ind2=" " tag="080"><subfield code="a">002:65.01</subfield></datafield><datafield ind1=" " ind2=" " tag="100"><subfield code="a">Regnier,Jaques</subfield></datafield><datafield ind1=" " ind2=" " tag="245"><subfield code="a">Informastique et organisation</subfield></datafield><datafield ind1=" " ind2=" " tag="260"><subfield code="a">Paris, Dunod Economie, 1970. Vi + 118 P</subfield></datafield><datafield ind1=" " ind2=" " tag="490"><subfield code="a">Collection La Vie De L`Entreprise</subfield></datafield><datafield ind1=" " ind2=" " tag="852"><subfield code="a">34253</subfield></datafield></record></collection>